@BOOKLET{Madsen2010,
  author = {Lars Madsen},
  title = {Introduktion til {LaTeX}},
  year = {2010},
  howpublished = {\url{http://www.imf.au.dk/system/latex/bog/}}
 }
 
@MISC{Oetiker2010,
  author = {Tobias Oetiker},
  title = {The Not So Short A Introduction to {LaTeX2e}},
  year = {2010},
  howpublished = {\url{http://tobi.oetiker.ch/lshort/lshort.pdf}}
 }
 
@BOOK{Mittelbach2005,
  author = {Frank Mittelbach},
  edition = {2. ed.},
  publisher = {Addison-Wesley},
  title = {The LATEX companion},
  year = 2005
}

@misc{PhysicsofDroneFlight,
    author = {Drones Staff},
    title = {The Physics of Multirotor Drone Flight},
    year = {2016},
    howpublished = {\url{http://www.thedronesmag.com/the-physics-of-multirotor-drone-flight/}},
    note = {Seen 2018-10-17}
}

@ONLINE {Control,
    title = "Drone flight controls",
    url = "https://www.dummies.com/consumer-electronics/drones/drone-flight-controls/"
}
@ONLINE {droneRange,
    title = "Understanding how your drone is controlled",
    url = "https://www.dummies.com/consumer-electronics/drones/understanding-how-your-drone-is-controlled/"
}
@ONLINE {drones_type,
    title = "Types of Drones",
    url = "https://www.droneomega.com/types-of-drones/"
}
@ONLINE {drones_in_generel,
    title = "What are drones good for? Common commercial applications of drones in agriculture, business and the military",
    url = "https://www.businessinsider.com/commercial-drone-uses-agriculture-business-military-2017-8?r=US&IR=T&IR=T"
}
@ONLINE {gt-position,
    title = "Indoor GPS, our real time Positioning System",
    url = "http://www.gamesontrack.com/satellites.html"
}
@ONLINE {drone_axis,
    title="On the technologies empowering drones for intelligent monitoring",
    url="https://ac.els-cdn.com/S1877050918310366/1-s2.0-S1877050918310366-main.pdf?_tid=a474a2a1-c8ad-4bea-b5c6-e624a6cee05d&acdnat=1543312384_3165022becf73b4a57234867c4883505"
}

%%%%%%%%%%%%%%%%%%%%% references for drone components %%%%%%%%%%%%%%%%%%%%
@misc{DIYDrone,
    author = {Hassan A},
    title = {DIY Drone: How to Build a Quadcopter, part 1},
    year = {2016},
    howpublished = {\url{https://maker.pro/custom/projects/diy-quadcopter-tutorial}},
    note = {seen 2018-10-29}
}

@misc{FPVFrame,
    author = {Alex},
    title = {The Complete Guide to Buying an FPV Quadcopter Frame},
    year = {2018},
    howpublished = {\url{https://blog.dronetrest.com/fpv-quadcopter-frame-buying-guide/}},
    note = {seen 2018-10-29}
}

@misc{QuardcoptorParts,
    author = {David Wang},
    title = {Quadcopter Parts: What are they and what do they do?},
    year = {2015},
    howpublished = {\url{http://www.quadcopteracademy.com/quadcopter-parts-what-are-they-and-what-do-they-do/}},
    note = {seen 2018-10-29}
}

@misc{FlightController,
    author = {Oscar Liang},
    title = {How to Choose Flight Controller for Quadcopter},
    year = {2018},
    howpublished = {\url{https://oscarliang.com/best-flight-controller-quad-hex-copter/}},
    note = {seen 2018-10-29}
}
%%%%%%%%%%%%%%%%%%%%%%%%%%%%%%%%%%%%%%%%%%%%%%%%%%%%%%%%%%%%%%%%%%%%%%%%%

%% Sensors %%

@misc{vl53l0x_lib,
    author = {Pololu Corporation},
    title = {Arduino VL53L0X library},
    year = {2017},
    howpublished = {\url{https://github.com/pololu/vl53l0x-arduino}},
    note = {seen 2018-11-07}
}
%%%%

@misc{iBUS,
    author = {darven},
    title = {Serial output from FS-IA6 (Semi I-BUS)},
    year = {2016},
    howpublished = {\url{http://archive.is/h4E0F}},
    note = {seen 2018-11-13}
}

@misc{iBUSorig,
    author = {darven},
    title = {Serial output from FS-IA6 (Semi I-BUS)},
    year = {2016},
    howpublished = {\url{https://www.rcgroups.com/forums/showthread.php?2711184-Serial-output-from-FS-IA6-\%28Semi-I-BUS\%29}},
    note = {seen 2018-11-13}
}


%% Source code %%

@misc{ibus-lib,
    author = {EIT512-2018},
    title = {iBUS library},
    year = {2018},
    howpublished = {\url{https://github.com/AAU-EIT5/iBUS}},
    note = {seen 2018-11-20}
}

@misc{drone-shim,
    author = {EIT512-2018},
    title = {drone-shim},
    year = {2018},
    howpublished = {\url{https://github.com/AAU-EIT5/drone-shim}},
    note = {seen 2018-11-20}
}

